@inbook{britt,
  title={The N-Body Problem},
  author={Stanton J Peal},
  series={Celestial Mechanics},
  Publisher={Brittanica},
  address = {URL https://www.britannica.com/science/celestial-mechanics-physics/The-n-body-problem},
  year={2020}
}

@inbook{UoV,
  title={Stability analysis of finite-difference methods for ODEs},
  author={Taras Lakoba},
  series = {MATH 337: Numerical Differential Equations},
  Publisher={University of Vermont},
  address = {URL
  https://www.studocu.com/en-us/document/university-of-vermont/numerical-diff-equations/lecture-notes/math-337-2011-2012-lecture-notes-4-stability-analysis-of-finite-difference-methods-for-odes/1333879/view},
  year={2011}
}

@inbook{Bill,
  title={Numerical Initial Value Problem in Ordinary Differential Equations},
  edition={1},
  author={Charles W. Gear and William C. Gear},
  year={1971},
  publisher={Prentice-Hall},
  address={The University of California},
}

@article{StabLF,
  title={Stability of the Leapfrog/Midpoint Method},
  author={Lawrence F. Shampine},
  journal={Applied Mathematics and Computation 0096-3003},
  year={February 2009},
  doi={10.1016/j.amc.2008.11.029}
}

@inbook{DiffEq,
  title={Differential Equations, Mechanics, and Computation},
  author={Richard S. Palais and Robert A. Palais},
  volume={51},
  year={2011},
  publisher={The American Mathematical Society},
  address={URL
  http://ode-math.com/StabiltyRegionDefinitions/StabilityRegionDefinitions.html}
}

@inbook{NumStab,
  title={Numerical Analysis/stability of RK methods},
  year={2020},
  publisher={Wikiversity},
  address={URL https://en.wikiversity.org/wiki/Numerical-Analysis/stability-of-RK-methods},
}

@inbook{StabH,
  title={Stability region of Heun's method},
  author={APMATH24},
  publisher={Stackexchange},
  year={URL
  https://math.stackexchange.com/questions/3316502/stability-region-of-heuns-method. Aug 2019},
}


@inbook{NumMeth,
  title={Numerical Methods for Engineers},
  author={Leif Rune Hellevik},
  year={Jan 2020},
  publisher={Department of Structural Engineering, NTNU},
  address={URL
  https://folk.ntnu.no/leifh/teaching/tkt4140/.-main000.html},
}

@inbook{LecAS,
  title={Initial value problems: absolute stability},
  author={Andres Goza},
  publisher={University of Illinois},
  address={URL
  https://drive.google.com/drive/folders/1XZLLIV5-fgJ8na-MA8UzawOgKzXEVala},
  year={2021},
}


@inbook{LecER,
  title={Initial value problems: multi-step methods and truncation error},
  author={Andres Goza},
  publisher={University of Illinois},
  address={URL
  https://drive.google.com/drive/folders/1XCtyIoEF5-cyNdqb6g1C5AOnsxAuYBar},
  year={2021},
}


@inbook{LecOSM,
  title={Initial value problems: introduction and one-step methods},
  author={Andres Goza},
  publisher={University of Illinois},
  year={2021},
  address={URL
  https://drive.google.com/drive/folders/1XCeHLXPeP-iq4h6uItssd7a9K0dXSlnW},
}


@inbook{ABS,
  title={Absolute Stability},
  author={Tallin University},
  year={Mar 2021},
  address={URL
  http://minitorn.tlu.ee/~jaagup/uk/dynsys/ds2/num/Absolute/Absolute.html},
}


@article{LeapFTI,
  title={Filtered Leapfrog Time Integration with Enhanced Stability Properties},
  author={Ari Aluthge and Scott A. Sarra and Roger Estep},
  volume = {7},
  journal={Applied Mathematics and Physics 2016-4-7},
  year={2016},
  doi={10.4236/jamp.2016.47145},
  address={URL
  https://www.scirp.org/journal/paperinformation.aspx?paperid=69245},
}

@inbook{NumSol,
title={An introduction to the Numerical Solution of Differential Equations: Discretization, accuracy and stability},
author={John M. Stockie},
address={URL
https://clouds.eos.ubc.ca/~phil/philplots/lab2.pdf},
year={Dec 2001},
}

@inbook{StabReg,
title={Stability Regions of ODE Formulas},
author={Nick Trefethen},
address={URL
https://www.mathworks.com/matlabcentral/mlc-downloads/downloads/submissions/23972/versions/22/previews/chebfun/examples/ode/html/Regions.html},
year={Feb 2011},
}

@inbook{TruncErrLF,
title={MATH 471: Introduction to Scientific Computing},
author={Monika Nitsche},
address={URL
https://math.unm.edu/~nitsche/courses/471/classnotes.pdf},
year={Dec 2008},
}


@incollection{volpe1994techniques,
  title={Techniques for Collision Prevention, Impact Stability, and Force Control by Space Manipulators},
  author={Volpe, Richard},
  booktitle={Teleoperation and Robotics in Space},
  series={Progress in Astronautics and Aeronautics},
  editor={S. B. Skaar and C. F. Ruoff},
  pages={175--212},
  year={1994},
  publisher={AIAA},
  address={Washington, DC}
}


@proceedings{chi1993fluid,
  title={Fluid Mechanics Proceedings},
  editor={Chi, Y},
  series={NASA SP-255},
  year={1993}
}

@article{brandis2016nonequi,
  title={Nonequilibrium Radiation for Earth Entry},
  author={Aaron M. Brandis and Christopher O. Johnston and Brett A. Cruden},
  journal={AIAA Paper 2016--3690},
  year={June 2016},
  doi={10.1016/j.amc.2008.11.029}
}

@inbook{Aren_paper,
  title={Periodic Solutions of the Restricted Three Body Problem Representing Analytic Continutations of Keplerian Elliptic Motions},
  author={Richard Arenstorf},
  year={1963},
  publisher={George C. Marshall Space Flight Center},
  address={Huntsville, Alabama. URL
  https://ntrs.nasa.gov/api/citations/19630005545/downloads/19630005545.pdf},
}

@inbook{R3BP,
  title={The Three-Body Problem},
  author={Z.E. Musielak and B. Quarles},
  year={2015},
  publisher={Department of Physics, The University of Texas at Arlington},
  address={Space Science and Astrobiology Division 245-3, NASA Ames Research Center. URL
  https://arxiv.org/pdf/1508.02312.pdf},
}

@inbook{Apollo,
  title={Apollo by the Numbers: Translunar Insertion},
  year={Nov. 18, 2004},
  publisher={NASA. URL
  https://web.archive.org/web/20041118103812/https://history.nasa.gov/SP-4029/Apollo-18-24-Translunar-Injection.htm},
}

@inbook{NASAplanet,
  title={Planetary Fact Sheet - Metric},
  author={David R. Williams},
  year={1963},
  publisher={NASA Goddard Space Flight Center},
  address={Greenbelt, MD. URL
  https://nssdc.gsfc.nasa.gov/planetary/factsheet/},
}